#-----------------------------------------------------------------------------
# 1990s
#-----------------------------------------------------------------------------
@article{lee1981optical,
  title={Optical constants of soot in hydrocarbon flames},
  author={Lee, SC and Tien, CL},
  journal={Symp. (Int.) Combust.},
  volume={18},
  pages={1159--1166},
  year={1981},
}

@article{bansal1993carbon,
  title={Carbon black},
  author={Bansal, Roop Chand and Donnet, JB and Wang, M},
  journal={Science and Technology},
  volume={133},
  year={1993}
}

@book{mcbride1993coefficients,
  title={Coefficients for calculating thermodynamic and transport properties of individual species},
  author={McBride, Bonnie J},
  year={1993},
  publisher={NASA Langley Research Center}
}

#-----------------------------------------------------------------------------
# YEAR2000-YEAR2005
#-----------------------------------------------------------------------------

@article{appel2000kinetic,
  title={Kinetic modeling of soot formation with detailed chemistry and physics: laminar premixed flames of C2 hydrocarbons},
  author={Appel, J{\"o}rg and Bockhorn, Henning and Frenklach, Michael},
  journal={Combust. Flame},
  volume={121},
  pages={122--136},
  year={2000},
  publisher={Elsevier}
}

@book{murphy2001additives,
  title={Additives for plastics handbook},
  author={Murphy, John},
  year={2001},
  publisher={Elsevier}
}

@article{basile2002coagulation,
  title={Coagulation and carbonization processes in slightly sooting premixed flames},
  author={Basile, G and Rolando, A and D'Alessio, Antonio and D'Anna, Andrea and Minutolo, P},
  journal={Proceedings of the Combustion Institute},
  volume={29},
  number={2},
  pages={2391--2397},
  year={2002},
  publisher={Elsevier}
}

@article{violi2005relative,
  title={The relative roles of acetylene and aromatic precursors during soot particle inception},
  author={Violi, Angela and Voth, Gregory A and Sarofim, Adel F},
  journal={Proceedings of the Combustion Institute},
  volume={30},
  number={1},
  pages={1343--1351},
  year={2005},
  publisher={Elsevier}
}

@article{alfe2009structure,
  title={Structure--property relationship in nanostructures of young and mature soot in premixed flames},
  author={Alf{\`e}, M and Apicella, B and Barbella, Rouzaud and Rouzaud, J-N and Tregrossi, A and Ciajolo, A},
  journal={Proceedings of the Combustion Institute},
  volume={32},
  number={1},
  pages={697--704},
  year={2009},
  publisher={Elsevier}
}

@article{zerbs2009influence,
  title={The influence of wavelength in extinction measurements and beam steering in laser-induced incandescence measurements in sooting flames},
  author={Zerbs, Jochen and Geigle, Klaus Peter and Lammel, Oliver and Hader, Joachim and Stirn, Ronnie and Hadef, Redjem and Meier, Wolfgang},
  journal={Applied Physics B},
  volume={96},
  number={4},
  pages={683--694},
  year={2009},
  publisher={Springer}
}

#-----------------------------------------------------------------------------
# YEAR2006-YEAR2010
#-----------------------------------------------------------------------------

@article{de2008scattering,
  title={Scattering/extinction measurements of soot formation in a shock tube},
  author={De Iuliis, S and Chaumeix, N and Idir, M and Paillard, C-E},
  journal={Experimental thermal and fluid science},
  volume={32},
  number={7},
  pages={1354--1362},
  year={2008},
  publisher={Elsevier}
}

@article{blanquart2009analyzing,
  title={Analyzing the effects of temperature on soot formation with a joint volume-surface-hydrogen model},
  author={Blanquart, G and Pitsch, H},
  journal={Combustion and Flame},
  volume={156},
  number={8},
  pages={1614--1626},
  year={2009},
  publisher={Elsevier}
}

@article{blanquart2009chemical,
  title={Chemical mechanism for high temperature combustion of engine relevant fuels with emphasis on soot precursors},
  author={Blanquart, G and Pepiot-Desjardins, P and Pitsch, H},
  journal={Combustion and Flame},
  volume={156},
  number={3},
  pages={588--607},
  year={2009},
  publisher={Elsevier}
}

#-----------------------------------------------------------------------------
# YEAR2011
#-----------------------------------------------------------------------------
@article{pratsinis2011history,
  title={History of manufacture of fine particles in high-temperature aerosol reactors},
  author={Pratsinis, Sotiris E},
  journal={Aerosol science and technology: History and reviews},
  pages={475--507},
  year={2011},
  publisher={RTI International Research Triangle Park NC}
}

@article{wang2011formation,
  title={Formation of nascent soot and other condensed-phase materials in flames},
  author={Wang, Hai},
  journal={Proceedings of the Combustion institute},
  volume={33},
  number={1},
  pages={41--67},
  year={2011},
  publisher={Elsevier}
}

@article{eremin2011size,
  title={Size dependence of complex refractive index function of growing nanoparticles},
  author={Eremin, A and Gurentsov, E and Popova, E and Priemchenko, K},
  journal={Applied Physics B},
  volume={104},
  number={2},
  pages={285--295},
  year={2011},
  publisher={Springer}
}

@article{agafonov2011soot,
  title={Soot formation in the pyrolysis of benzene, methylbenzene, and ethylbenzene in shock waves},
  author={Agafonov, GL and Vlasov, PA and Smirnov, VN},
  journal={Kinetics and Catalysis},
  volume={52},
  number={3},
  pages={358--370},
  year={2011},
  publisher={Springer}
}

@article{bladh2011optical,
  title={Optical soot characterization using two-color laser-induced incandescence (2C-LII) in the soot growth region of a premixed flat flame},
  author={Bladh, Henrik and Johnsson, Jonathan and Olofsson, N-E and Bohlin, Alexis and Bengtsson, P-E},
  journal={Proceedings of the Combustion Institute},
  volume={33},
  number={1},
  pages={641--648},
  year={2011},
  publisher={Elsevier}
}

#-----------------------------------------------------------------------------
# YEAR2012
#-----------------------------------------------------------------------------
@article{eremin2012formation,
  title={Formation of carbon nanoparticles from the gas phase in shock wave pyrolysis processes},
  author={Eremin, Alexander V},
  journal={Progress in Energy and Combustion Science},
  volume={38},
  number={1},
  pages={1--40},
  year={2012},
  publisher={Elsevier}
}
#-----------------------------------------------------------------------------
# YEAR2013
#-----------------------------------------------------------------------------

@article{fau2013methane,
  title={Methane pyrolysis: Literature survey and comparisons of available data for use in numerical simulations},
  author={Fau, Guillaume and Gascoin, Nicolas and Gillard, Philippe and Steelant, Johan},
  journal={Journal of Analytical and Applied Pyrolysis},
  volume={104},
  pages={1--9},
  year={2013},
  publisher={Elsevier}
}

@article{wang2013pah,
  title={A PAH growth mechanism and synergistic effect on PAH formation in counterflow diffusion flames},
  author={Wang, Yu and Raj, Abhijeet and Chung, Suk Ho},
  journal={Combustion and flame},
  volume={160},
  number={9},
  pages={1667--1676},
  year={2013},
  publisher={Elsevier}
}

#-----------------------------------------------------------------------------
# YEAR2014
#-----------------------------------------------------------------------------

@article{stranic2014laser,
  title={Laser absorption diagnostic for measuring acetylene concentrations in shock tubes},
  author={Stranic, Ivo and Hanson, Ronald K},
  journal={Journal of Quantitative Spectroscopy and Radiative Transfer},
  volume={142},
  pages={58--65},
  year={2014},
  publisher={Elsevier}
}

#-----------------------------------------------------------------------------
# YEAR2015
#-----------------------------------------------------------------------------
@article{saggese2015kinetic,
  title={Kinetic modeling of particle size distribution of soot in a premixed burner-stabilized stagnation ethylene flame},
  author={Saggese, Chiara and Ferrario, Sara and Camacho, Joaquin and Cuoci, Alberto and Frassoldati, Alessio and Ranzi, Eliseo and Wang, Hai and Faravelli, Tiziano},
  journal={Combustion and Flame},
  volume={162},
  number={9},
  pages={3356--3369},
  year={2015},
  publisher={Elsevier}
}

#-----------------------------------------------------------------------------
# YEAR2016
#-----------------------------------------------------------------------------
@article{international2016carbon,
  title={Carbon black user’s guide},
  author={International Carbon Black Association and others},
  journal={available at www. carbon-black. org},
  year={2016}
}

@article{wang2016improved,
  title={Improved shock tube measurement of the CH4+ Ar= CH3+ H+ Ar rate constant using UV cavity-enhanced absorption spectroscopy of CH3},
  author={Wang, Shengkai and Davidson, David F and Hanson, Ronald K},
  journal={The Journal of Physical Chemistry A},
  volume={120},
  number={28},
  pages={5427--5434},
  year={2016},
  publisher={ACS Publications}
}

@article{sajid2016shock,
  title={Shock tube/laser absorption measurements of methane, acetylene and ethylene during the pyrolysis of n-pentane and iso-pentane},
  author={Sajid, Muhammad B and Javed, Tamour and Farooq, Aamir},
  journal={Combustion and Flame},
  volume={164},
  pages={1--9},
  year={2016},
  publisher={Elsevier}
}

@article{agafonov2016unified,
  title={Unified kinetic model of soot formation in the pyrolysis and oxidation of aliphatic and aromatic hydrocarbons in shock waves},
  author={Agafonov, GL and Bilera, IV and Vlasov, PA and Zhil’tsova, IV and Kolbanovskii, Yu A and Smirnov, VN and Tereza, AM},
  journal={Kinetics and Catalysis},
  volume={57},
  number={5},
  pages={557--572},
  year={2016},
  publisher={Springer}
}

@article{bescond2016soot,
  title={Soot optical properties determined by analyzing extinction spectra in the visible near-UV: Toward an optical speciation according to constituents and structure},
  author={Bescond, A and Yon, Jer{\^o}me and Ouf, F-X and Roz{\'e}, C and Coppalle, A and Parent, P and Ferry, Daniel and Laffon, C},
  journal={Journal of Aerosol Science},
  volume={101},
  pages={118--132},
  year={2016},
  publisher={Elsevier}
}

@article{kholghy2016core,
  title={The core--shell internal nanostructure of soot--A criterion to model soot maturity},
  author={Kholghy, Mohammad Reza and Veshkini, Armin and Thomson, Murray John},
  journal={Carbon},
  volume={100},
  pages={508--536},
  year={2016},
  publisher={Elsevier}
}

#-----------------------------------------------------------------------------
# YEAR2017
#-----------------------------------------------------------------------------

@article{utsav2017simultaneous,
  title={Simultaneous measurements of acetylene and soot during the pyrolysis of ethylene and benzene in a shock tube},
  author={Utsav, KC and Beshir, Mohamed and Farooq, Aamir},
  journal={Proceedings of the Combustion Institute},
  volume={36},
  number={1},
  pages={833--840},
  year={2017},
  publisher={Elsevier}
}

#-----------------------------------------------------------------------------
# YEAR2018
#-----------------------------------------------------------------------------
@article{eremin2018influence,
  title={Influence of methane addition on soot formation in pyrolysis of acetylene},
  author={Eremin, Alexander and Mikheyeva, Ekaterina and Selyakov, Ivan},
  journal={Combustion and Flame},
  volume={193},
  pages={83--91},
  year={2018},
  publisher={Elsevier}
}


@article{nativel2019shock,
  title={Shock-tube study of methane pyrolysis in the context of energy-storage processes},
  author={Nativel, D and Shu, B and Herzler, J and Fikri, M and Schulz, C},
  journal={Proceedings of the Combustion Institute},
  volume={37},
  number={1},
  pages={197--204},
  year={2019},
  publisher={Elsevier}
}

#-----------------------------------------------------------------------------
# YEAR2019
#-----------------------------------------------------------------------------
@article{bartos2019soot,
  title={Soot inception in laminar coflow diffusion flames},
  author={Bartos, Daniel and Sirignano, Mariano and Dunn, Matthew J and D'Anna, Andrea and Masri, Assaad Rachid},
  journal={Combustion and Flame},
  volume={205},
  pages={180--192},
  year={2019},
  publisher={Elsevier}
}

@article{pinkowski2019multi,
  title={A multi-wavelength speciation framework for high-temperature hydrocarbon pyrolysis},
  author={Pinkowski, Nicolas H and Ding, Yiming and Johnson, Sarah E and Wang, Yu and Parise, Thomas C and Davidson, David F and Hanson, Ronald K},
  journal={Journal of Quantitative Spectroscopy and Radiative Transfer},
  volume={225},
  pages={180--205},
  year={2019},
  publisher={Elsevier}
}

@article{mercier2019dimers,
  title={Dimers of polycyclic aromatic hydrocarbons: the missing pieces in the soot formation process},
  author={Mercier, Xavier and Carrivain, Olivier and Irimiea, Corn{\'e}lia and Faccinetto, Alessandro and Therssen, Eric},
  journal={Physical Chemistry Chemical Physics},
  volume={21},
  number={16},
  pages={8282--8294},
  year={2019},
  publisher={Royal Society of Chemistry}
}

@article{martin2019reactivity,
  title={Reactivity of polycyclic aromatic hydrocarbon soot precursors: implications of localized $\pi$-radicals on rim-based pentagonal rings},
  author={Martin, Jacob W and Hou, Dingyu and Menon, Angiras and Pascazio, Laura and Akroyd, Jethro and You, Xiaoqing and Kraft, Markus},
  journal={The Journal of Physical Chemistry C},
  volume={123},
  number={43},
  pages={26673--26682},
  year={2019},
  publisher={ACS Publications}
}

#-----------------------------------------------------------------------------
# YEAR2020
#-----------------------------------------------------------------------------
@article{cassady2020thermal,
  title={The thermal decomposition of ethane},
  author={Cassady, S{\'e}an J and Choudhary, Rishav and Pinkowski, Nicolas H and Shao, Jiankun and Davidson, David F and Hanson, Ronald K},
  journal={Fuel},
  volume={268},
  pages={117409},
  year={2020},
  publisher={Elsevier}
}

@article{shao2020shock,
  title={Shock-induced ignition and pyrolysis of high-pressure methane and natural gas mixtures},
  author={Shao, Jiankun and Ferris, Alison M and Choudhary, Rishav and Cassady, S{\'e}an J and Davidson, David F and Hanson, Ronald K},
  journal={Combustion and Flame},
  volume={221},
  pages={364--370},
  year={2020},
  publisher={Elsevier}
}

@article{frenklach2020mechanism,
  title={On the mechanism of soot nucleation},
  author={Frenklach, Michael and Mebel, Alexander M},
  journal={Physical Chemistry Chemical Physics},
  volume={22},
  number={9},
  pages={5314--5331},
  year={2020},
  publisher={Royal Society of Chemistry}
}

#-----------------------------------------------------------------------------
# YEAR2021
#-----------------------------------------------------------------------------
@article{robertson2021nature,
  title={Nature of carbon black reinforcement of rubber: Perspective on the original polymer nanocomposite},
  author={Robertson, Christopher G and Hardman, Ned J},
  journal={Polymers},
  volume={13},
  number={4},
  pages={538},
  year={2021},
  publisher={MDPI}
}

@article{yon2021revealing,
  title={Revealing soot maturity based on multi-wavelength absorption/emission measurements in laminar axisymmetric coflow ethylene diffusion flames},
  author={Yon, J{\'e}r{\^o}me and Cruz, Juan Jos{\'e} and Escudero, Felipe and Mor{\'a}n, Jos{\'e} and Liu, Fengshan and Fuentes, Andr{\'e}s},
  journal={Combustion and Flame},
  volume={227},
  pages={147--161},
  year={2021},
  publisher={Elsevier}
}

@article{michelsen2021effects,
  title={Effects of maturity and temperature on soot density and specific heat},
  author={Michelsen, Hope A},
  journal={Proceedings of the Combustion Institute},
  volume={38},
  number={1},
  pages={1197--1205},
  year={2021},
  publisher={Elsevier}
}

#-----------------------------------------------------------------------------
# YEAR2022
#-----------------------------------------------------------------------------


@article{oni2022comparative,
  title={Comparative assessment of blue hydrogen from steam methane reforming, autothermal reforming, and natural gas decomposition technologies for natural gas-producing regions},
  author={Oni, AO and Anaya, K and Giwa, Temitayo and Di Lullo, Giovanni and Kumar, Amit},
  journal={Energy Conversion and Management},
  volume={254},
  pages={115245},
  year={2022},
  publisher={Elsevier}
}

@article{vlasov2022experimental,
  title={Experimental studies and simulation of methane pyrolysis and oxidation in reflected shock waves accompanied by soot formation},
  author={Vlasov, PA and Akhunyanov, AR and Smirnov, VN},
  journal={Kinetics and Catalysis},
  volume={63},
  number={2},
  pages={141--156},
  year={2022},
  publisher={Springer}
}


#-----------------------------------------------------------------------------
# YEAR2023
#-----------------------------------------------------------------------------
@article{wang2023systematic,
  title={A systematic analysis of chemical mechanisms for ethylene oxidation and PAH formation},
  author={Wang, Yiqing and Han, Wang and Zirwes, Thorsten and Attili, Antonio and Cai, Liming and Bockhorn, Henning and Yang, Lijun and Chen, Zheng},
  journal={Combust. Flame},
  volume={253},
  pages={112784},
  year={2023},
  publisher={Elsevier}
}

@Misc{ZDV2023,
  author  = {Zhang, Yue and Dong, Wendi and Vandewalle, Laurien and Xu, Rui and Smith, Gregory and Wang, Hai},
  title   = {Foundational {Fuel} {Chemistry} {Model} {Version} 2.0 ({FFCM}-2)},
  journal = {FFCM-2 website},
  url     = "https://web.stanford.edu/group/haiwanglab/FFCM2",
  year    = {2023},
  }
  

#-----------------------------------------------------------------------------
# YEAR2024
#-----------------------------------------------------------------------------


#-----------------------------------------------------------------------------
# YEAR2025
#-----------------------------------------------------------------------------

@article{adib2025omnisoot,
  title={Omnisoot: an object-oriented process design package for gas-phase synthesis of carbonaceous nanoparticles},
  author={Adib, Mohammad and Kazemi, Sina and Kholghy, M Reza},
  journal={arXiv preprint arXiv:2507.10879},
  year={2025}
}

@article{clark2025,
	title={Shock tube study of methane pyrolysis for industrial production of hydrogen and carbon black},
	author={Gibson, Clark and Mishra, Naman and Rault, and Taylor M. and Streicher, Jesse W. and Wei, Chuyu and Zaczek, Luke T. and Hanson, Ronald K.},
	journal={in prepapration},
	year={2025},
}

@misc{fortunebusiness2025,
  author = {Fortune Business Insights},
  title = {Carbon Black Market Size, Share & Industry Analysis, By Process, By Grade, By Application, and Regional Forecast},
  howpublished = {\url{https://www.fortunebusinessinsights.com/industry-reports/carbon-black-market-101718}},
  note = {Accessed: July 29, 2025},
  year = {2025} % Year of publication or last update
}


@article{cepeda2025effect,
  title={The effect of pressure up to 6 atm over soot maturity in laminar ethylene flames},
  author={Cepeda, Francisco and Nobakht, Aryan and Verdugo, Ignacio and Fuentes, Andr{\'e}s and Dworkin, Seth B and Karata{\c{s}}, Ahmet E},
  journal={Combustion and Flame},
  volume={274},
  pages={113977},
  year={2025},
  publisher={Elsevier}
}
